@MISC{agileDev,
  title = {{Atlassian} Agile Coach},
  howpublished = {\url{https://www.atlassian.com/agile}},
  note = {Accessed: 04-03-2019}
}
